%% This BibTeX bibliography file was created using BibDesk.
%% http://bibdesk.sourceforge.net/


%% Created for Joan T. Matamalas Llodr√† at 2012-12-21 23:52:01 +0100 


%% Saved with string encoding Unicode (UTF-8) 



@book{buhmann2003radial,
	Author = {Buhmann, M.D.},
	Date-Added = {2012-12-21 22:51:57 +0000},
	Date-Modified = {2012-12-21 22:51:57 +0000},
	Publisher = {Cambridge university press},
	Title = {Radial basis functions: theory and implementations},
	Volume = {12},
	Year = {2003}}

@article{cortes1995support,
	Author = {Cortes, C. and Vapnik, V.},
	Date-Added = {2012-12-21 22:50:50 +0000},
	Date-Modified = {2012-12-21 22:50:50 +0000},
	Journal = {Machine learning},
	Number = {3},
	Pages = {273--297},
	Publisher = {Springer},
	Title = {Support-vector networks},
	Volume = {20},
	Year = {1995}}

@inproceedings{freund1995desicion,
	Author = {Freund, Y. and Schapire, R.},
	Booktitle = {Computational learning theory},
	Date-Added = {2012-12-21 22:49:57 +0000},
	Date-Modified = {2012-12-21 22:49:57 +0000},
	Organization = {Springer},
	Pages = {23--37},
	Title = {A desicion-theoretic generalization of on-line learning and an application to boosting},
	Year = {1995}}

@article{fletcher2009support,
	Author = {Fletcher, T.},
	Date-Added = {2012-12-21 22:48:36 +0000},
	Date-Modified = {2012-12-21 22:48:36 +0000},
	Journal = {Tutorial paper., Mar},
	Title = {Support vector machines explained},
	Year = {2009}}

@article{baker1985reducing,
	Author = {Baker, J.E.},
	Date-Added = {2012-12-21 21:36:37 +0000},
	Date-Modified = {2012-12-21 21:36:37 +0000},
	Title = {Reducing bias and inefficiency in the selection algorithms},
	Year = {1985}}
